



@Book{ASU86,
  author =	 {A.V. Aho and R. Sethi and J.D. Ullman},
  title = 	 {Compilers: Principles, Techniques and Tools},
  publisher = 	 {Addison-Wesley},
  year = 	 1986
}


@InProceedings{BNL03,
  author = 	 {D. Beyer and A Noack and C. Lewerentz},
  title = 	 {Simple and Efficient Relational Querying of Software Structures},
  booktitle =	 {Proceedings of the 10th IEEE Working Conference on Reverse Engineering (WCRE 2003)},
  year =	 2003,
  note =	 {To appear}
}

@InProceedings{KlintIWPC03,
  author = 	 {P. Klint},
  title = 	 {How Understanding and Restructuring differ from Compiling---a
                  Rewriting Perspective},
  booktitle = 	 {Proceedings of the 11th International Workshop on Program Comprehension (IWPC03)},
  year =	 2003,
  pages = {2--12},
  publisher = {{IEEE} Computer Society}
}

@PhdThesis{Krikhaar99,
  author = 	 {R.L. Krikhaar},
  title = 	 {Software Architecture Reconstruction},
  school = 	 {University of Amsterdam},
  year = 	 1999
}

