
@book{BHK89.book,
  title =    {Algebraic Specification},
  series =       {ACM Press Frontier Series},
  editor =       {J.A. Bergstra and J. Heering and P. Klint},
  pages =        {1-66},
  publisher =    {The ACM Press in co-operation with Addison-Wesley},
  year =         1989
}

@TechReport{BakkerKoorn93,
  author = 	 {H.C.N. Bakker and J.W.C. Koorn},
  title = 	 {Building an Editor from Existing Components:
                  an Exercise in Software Re-use},
  institution =  { Programming Research Group,
    University of Amsterdam},
  year = 	 1993,
  number =	 {P9312}
}

@TechReport{P9415,
  author      = {S.F.M. van Vlijmen and P.N. Vriend and A. van Waveren},
  title       = {{C}ontrol and data transfer in the distributed editor of the {ASF}+{SDF} meta-environment},
  institution = {{U}niversity of {A}msterdam, {P}rogramming {R}esearch {G}roup},
  number      = {P9415},
  year        = {1994},
  fileurl     = {http://ftp.science.uva.nl/pub/programming-research/reports/1994/P9415.ps.Z},
  abstracturl = {http://ftp.science.uva.nl/pub/programming-research/reports/1994/abstracts/P9415.txt},
  note        = {Available by anonymous ftp from ftp.science.uva.nl,
                 file pub/programming-research/reports/1994/P9415.ps.Z}
}

@TechReport{BergstraKlint94,
  author = 	 {J.A. Bergstra and P. Klint},
  title = 	 {The ToolBus: a Component Interconnection Architecture},
  institution =  {University of Amsterdam, Programming Research Group},
  number =       {P9408},
  year = 	 1994
}


@TechReport{BergstraKlint95,
  author = 	 {J.A. Bergstra and P. Klint},
  title = 	 {The Discrete Time ToolBus},
  institution =  {University of Amsterdam, Programming Research Group},
  year = 	 1995
}

@TechReport{P9601,
  author      = {P.A. Olivier},
  title       = {{E}mbedded system simulation: testdriving the {T}ool{B}us},
  institution = {{U}niversity of {A}msterdam, {P}rogramming {R}esearch {G}roup},
  number      = {P9601},
  year        = {1996},
  fileurl     = {http://ftp.science.uva.nl/pub/programming-research/reports/1996/P9601.ps.Z},
  abstracturl = {http://ftp.science.uva.nl/pub/programming-research/reports/1996/abstracts/P9601.txt},
  note        = {Available by anonymous ftp from ftp.science.uva.nl,
                 file pub/programming-research/reports/1996/P9601.ps.Z}
}

@TechReport{P9704,
  author      = {P.A. Olivier},
  title       = {{D}ebugging {D}istributed {A}pplications {U}sing a {C}oordination
                {A}rchitecture},
  institution = {{U}niversity of {A}msterdam, {P}rogramming {R}esearch {G}roup},
  number      = {P9704},
  year        = {1997},
  fileurl     = {http://ftp.science.uva.nl/pub/programming-research/reports/1997/P9704.ps.Z},
  abstracturl = {http://ftp.science.uva.nl/pub/programming-research/reports/1997/abstracts/P9704.txt},
  note        = {Available by anonymous ftp from ftp.science.uva.nl,
                 file pub/programming-research/reports/1997/P9704.ps.Z}
}


@inproceedings{TB-AMAST96,
  title =        {The Discrete Time {\TB}},
  author =       {J.A. Bergstra and P. Klint},
  editor =       {M. Wirsing and M. Nivat},
  booktitle =    {Algebraic Methodology and Software Technology},
  year =         1996,
  series =       {Lecture Notes in Computer Science},
  volume =       1101,
  pages =        {286--305},
  publisher =    {Springer-Verlag},
}

@inproceedings{TB-COORD96,
  title =        {The {\TB} coordination architecture},
  author =       {J.A. Bergstra and P. Klint},
  editor =       {P. Ciancarini and C. Hankin},
  booktitle =    {Coordination Languages and Models},
  series =       {Lecture Notes in Computer Science},
  volume =       1061,
  year =         1996,
  pages =        {75--88}
}

@article{TB-SOCP98,
  title =        {The discrete time {\TB}---A software coordination
                  architecture},
  author =       {J. A. Bergstra and P. Klint},
  journal =      {Science of Computer Programming},
  volume =       {31},
  year =         {1998},
  pages =        {205--229}
}

@misc{VSB2000,
  author =       {E. Visser and J. Scheerder and Brand, {M. van den}},
  year =         2000,
  title =        {{Scannerless Generalized-LR Parsing}},
  note =         {Work in Progress},
}

@article{BJKO00,
author =      {Brand, {M.G.J. van den} and Jong, {H.A. de} and P. Klint and P. Olivier},
title =       {{E}fficient {A}nnotated {T}erms},
journal =     {Software, Practice \& Experience},
year =        {2000},
pages =       {259--291},
volume =      {30}
} 


@inproceedings{BDHJJKKMOSVVV01,
  author =       {Brand, {M. G. J. van den} and Deursen, {A. van} and
                  J. Heering and Jong, {H. A. de} and Jonge, {M. de}
                  and T. Kuipers and P. Klint and L. Moonen and
                  P.A. Olivier and J. Scheerder and J.J. Vinju and
                  E. Visser and J. Visser},
  title =        {The {ASF}+{SDF} {M}eta-{E}nvironment: a
                  {C}omponent-{B}ased {L}anguage {D}evelopment
                  {E}nvironment},
  editor =       {R. Wilhelm},
  series =       {Lecture Notes in Computer Science},
  Volume =       {2027},
  booktitle =    {Compiler Construction (CC '01)},
  year =         {2001},
  pages =        {365--370},
  publisher =    {Springer-Verlag}
}

@inproceedings{BHK97,
  author =       {Brand, {M. G. J. van den} and Heering, J. and Klint,
                  P.},
  title =        {Renovation of the ASF+SDF Meta-Environment - Current
                  State of Affairs},
  booktitle =    {Proceedings of the 2nd International Workshop on the
                  Theory and Practice of Algebraic Specifications},
  editor =       {M.P.A. Sellink},
  year =         {1997},
  series =       {electronic Workshops in Computing},
  publisher =    {Springer-Verlag},
}
@inproceedings{BKMO97,
  author =       {Brand, {M. G. J. van den} and T. Kuipers and L. Moonen
                  and P. Olivier},
  title =        {Implementation of a prototype for the new ASF+SDF
                  Meta-Environment},
  booktitle =    {Proceedings of the 2nd International Workshop on the
                  Theory and Practice of Algebraic Specifications},
  editor =       {M.P.A. Sellink},
  year =         {1997},
  series =       {electronic Workshops in Computing},
  publisher =    {Springer-Verlag},
}

@article{BKV97a,
  author =       {Brand, {M. G. J. van den} and Klint, P. and Verhoef,
                  C.},
  title =        {Reverse Engineering and System Renovation -- An
                  Annotated Bibliography},
  journal =      {ACM Software Engineering Notes},
  volume =       {22},
  number =       {1},
  pages =        {57--68},
  year =         {1997},
  note =         {Available at
                  http://www.cs.vu.nl/\~{}x/reeng/REanno.html},
}
@inproceedings{BKV96b,
  author =       {Brand, {M. G. J. van den} and Klint, P. and Verhoef,
                  C.},
  title =        {Core Technologies for System Renovation},
  booktitle =    {SOFSEM'96: Theory and Practice of Informatics},
  editor =       {Jeffery, K.G. and Kr\'{a}l, J. and Barto\u{s}ek, M.},
  series =       LNCS,
  volume =       {1175},
  pages =        {235-255},
  organization = {Springer-Verlag},
  year =         1996,
}

@InProceedings{DKV99,
  author =       "Deursen, {A. van} and P. Klint and C. Verhoef",
  title =        "Research Issues in the Renovation of Legacy Systems",
  editor =       "J.-P. Finance",
  volume =       "1577",
  series =        "Lecture Notes in Computer Science",
  booktitle =    "Fundamental Approaches to Software Engineering (FASE'99)",
  year =         1999,
  publisher =    "Springer-Verlag",
  pages =        "1-21"
}




@InProceedings{BDKKM96,
  author =       "Brand, {M. G. J. van den} and Deursen, {A. van} and P. Klint and
                        S. Klusener and Meulen, E. A. van der",
  title =        "Industrial Applications of {ASF+SDF}",
  editor =       "M. Wirsing and M. Nivat",
  volume =       "1101",
  series =       "Lecture Notes in Computer Science",
  booktitle =    "Algebraic Methodology and Software Technology (AMAST '96)",
  year =         1996,
  publisher =    "Springer-Verlag",
  pages =        "9-18"
  }



