@Article{BK98,
  author =   {J.A. Bergstra and P. Klint},
  title =    {The discrete time {T}ool{B}us -- A software coordination
        architecture},
  journal =      {Science of Computer Programming},
  year =     1998,
  volume =   31,
  number =   {2-3},
  pages =    {205--229},
  month =    {July}
}    

@article{BJKO00,
author =      {Brand, {M.G.J. van den} and Jong, {H.A. de} and P. Klint and P. Olivier},
title =       {{E}fficient {A}nnotated {T}erms},
journal =     {Software, Practice \& Experience},
year =        {2000},
pages =       {259--291},
volume =      {30}
}    

@phdthesis{Vis97,
  key         = {Vis97},
  author      = {E. Visser},
  title       = {Syntax Definition for Language Prototyping},
  school      = {University of Amsterdam},
  year        = {1997}
}

@InProceedings{BKO99,
  author =       {Brand, {M.G.J. van den} and P. Klint and P. A. Olivier},
  title =        {Compilation and Memory Management for {ASF+SDF}},
  editor =       {S. J\"{a}hnichen},
  volume =       1575,
  series =       {Lecture Notes in Computer Science},
  pages =        {198--213},
  booktitle =    {Compiler Construction (CC '99)},
  year =         1999,
  publisher =    {Springer-Verlag}
}  

@article{Kli93,
   author       = {P. Klint},
   title        = {A meta-environment for
                   generating programming environments},
   journal      = {ACM Transactions on Software Engineering and Methodology},
   volume       = {2},
   year         = {1993},
   pages        = {176--201}
} 

@Book{DHK96,
  editor =       {Deursen, {A. van} and J. Heering and P. Klint},
  title =        "Language Prototyping: An Algebraic Specification Approach",
  publisher =    "World Scientific",
  year =         "1996",
  volume =       "5",
  series =       "AMAST Series in Computing",
}
  

@article{BSV00,
  author  = {Brand, {M.G.J. van den} and M.P.A. Sellink and C. Verhoef},
  title   = {Generation of Components for Software Renovation Factories
             from Context-free Grammars},
  journal = {Science of Computer Programming},
  volume  = {36},
  year    = {2000},
  pages   = {209--266}
}                                  

@inproceedings{VBT98,
  author = {Visser, E. and Benaissa, Z. and Tolmach, A.},
  title = {{B}uilding {P}rogram {O}ptimizers with {R}ewriting {S}trategies},
  booktitle = {International Conference on Functional Programming
                  (ICFP'98)},
  pages = {13--26},
  year = 1998
}
            

@inproceedings{BS00,
  key         = {BS00},
  author      = {Brand, {M.G.J. van den} and J. Scheerder},
  title       = {{D}evelopment of {P}arsing {T}ools for {CASL} using {G}eneric {L}anguage {T}echnology},
  booktitle   = {{W}orkshop on {A}lgebraic {D}evelopment {T}echniques ({WADT}'99)},
  series      = {LNCS},
  editor      = {D. Bert and C. Choppy and P. Mosses},
  volume      = {1827},
  organization = {Springer-Verlag},
  year        = {2000}
}
           
@InProceedings{BDKKM96,
  author =       {Brand, {M.G.J. van den} and Deursen, {A. van} and P. Klint and
                  S. Klusener and Meulen, {E.A, van den}},
  title =        {Industrial Applications of {ASF+SDF}},
  editor =       {M. Wirsing and M. Nivat},
  volume =       {1101},
  series =       {LNCS},
  booktitle =    {Algebraic Methodology and Software Technology (AMAST '96)},
  year =         {1996},
  publisher =    {Springer-Verlag}
}

@InProceedings{BR00,
  author =       {Brand, {M.G.J. van den} and C. Ringeissen},
  title =        {{ASF+SDF} parsing tools applied to {ELAN}},
  booktitle = {{T}hird {I}nternational {W}orkshop on {R}ewriting
               {L}ogic and {A}pplications},
  series = {ENTCS},
  year = {2000}
}

@inproceedings{Jon00,
  author =       {Jonge, {M. de}},
  title =        {A Pretty-Printer for Every Occasion},                                
  booktitle = {Proceedings of the 2nd International Symposium on
Constructing Software Engineering Tools (CoSET2000)},
  editor = {I. Ferguson and J. Gray and L. Scott},
  year =         2000,
  publisher = {University of Wollongong, Australia}
}

@article{BV96,
  author =       {Brand, {M.G.J. van den} and E. Visser},
  title =        "Generation of Formatters for Context-free
                  Languages",
  journal = "ACM Transactions on Software Engineering and Methodology",
  volume = "5",
  pages = "1--41",
  year =         1996
} 

@book{BHK89,
  editor      = {J.A. Bergstra and J. Heering and P. Klint},
  title       = "Algebraic Specification",
  publisher   = {ACM Press/Addison-Wesley},
  year        = {1989}
}    
