@STRING{ lncs = "Lecture Notes in Computer Science" }
   
@inproceedings{BKO99,
  key =          {BKO99},
  author =       {M.G.J. van den Brand and P. Klint and P.A. Olivier},
  booktitle =    {Compiler Construction},
  series =       lncs,
  volume =       {1575},
  pages =        {198--213},
  title =        "Compilation and Memory Management for {ASF+SDF}",
  year =         1999,
  publisher =    "Springer-Verlag"
}     

@phdthesis{Vis97,
  key         = {Vis97},
  author      = {E. Visser},
  title       = {Syntax Definition for Language Prototyping},
  school      = {University of Amsterdam},
  year        = {1997}
}  

@Article{BK98,
  author =   {J.A. Bergstra and P. Klint},
  title =    {The discrete time {T}ool{B}us -- A software coordination
        architecture},
  journal =      {Science of Computer Programming},
  year =     1998,
  volume =   31,
  number =   {2-3},
  pages =    {205--229},
  month =    {July}
}

@article{BJKO00,
author =      {Brand, {M.G.J. van den} and Jong, {H.A. de} and P. Klint and P. Olivier},
title =       {{E}fficient {A}nnotated {T}erms},
journal =     {Software, Practice \& Experience},
year =        {2000},
pages =       {259--291},
volume =      {30}
}       
