@article{BJKO00,
author =      {Brand, {M.G.J. van den} and Jong, {H.A. de} and P. Klint and P. Olivier},
title =       {{E}fficient {A}nnotated {T}erms},
journal =     {Software, Practice \& Experience},
year =        {2000},
pages =       {259--291},
volume =      {30}
}

@phdthesis{Vis97,
  key         = {Vis97},
  author      = {E. Visser},
  title       = {Syntax Definition for Language Prototyping},
  school      = {University of Amsterdam},
  year        = {1997}
}

@InProceedings{BKMO97,
  author =    {Brand, {M.G.J. van den} and T. Kuipers and L. Moonen and P.  Olivier},
  title =     {{D}esign and {I}mplementation of a {N}ew {ASF}+{SDF} {M}eta-{E}nvironment},
  booktitle = {Proceedings of the Second International Workshop on the
               Theory and Practice of Algebraic Specifications (ASF+SDF'97)},
  editor =    {A. Sellink},
  series =    {Workshops in Computing},
  publisher = {Springer/British Computer Society},
  address =   {Amsterdam},
  year =      {1997},
  fileurl =   {\href{http://www.springer.co.uk/ewic/}{\tt{http://www.springer.co.uk/ewic/}}}
}
