@InProceedings{Kildall73,
  author = 	 {G. Kildall},
  title = 	 {A unified approach to global program optimization},
  booktitle =	 {{ACM} Symposium on Principles of Programming Languages},
  pages =	 {194--206},
  year =	 1973
}

@InProceedings{Moo1997:GADb,
  author =       "L. Moonen",
  title =        "A Generic Architecture for Data Flow 
                  Analysis to Support Reverse Engineering",
  booktitle =    "Proceedings of the Second 
                  International Workshop on the Theory 
                  and Practice of Algebraic 
                  Specifications (ASF+SDF'97)",
  editor =       "M.P.A. Sellink",
  series =       "Electronic Workshops in Computing",
  publisher =    "Springer-Verlag",
  address =      "Amsterdam",
  year =         "1997",
  month =        nov,
}

@TECHREPORT{pagtechrep,
  AUTHOR = {M. Alt and F. Martin and R. Wilhelm},
  TITLE = {{G}enerating {D}ataflow {A}nalyzers with {PAG}},
  INSTITUTION = {Universit{\"a}t des Saarlandes},
  TYPE = {Technical {R}eport},
  NUMBER = {A10-95},
  YEAR = 1995,
  CATEGORY = {pag}
}

@Article{FeijsOmmering99,
  author = 	 {L.M.G. Feijs and R.C. Ommering},
  title = 	 {Relation partition algebra--mathematical aspects of uses and part-of relations},
  journal = 	 {Science of Computer Programming},
  year = 	 1999,
  volume =	 33,
  number =	 2,
  pages =	 {163--212},
  month =	 {february}
}

@Article{FeijsKrikhaarOmmering98,
  author = 	 {L.M.G. Feijs and R. Krikhaar and R.C. Ommering},
  title = 	 {A relational approach to support software architecture analysis},
  journal = 	 {Software Practice and Experience},
  year = 	 1998,
  volume =	 28,
  number =	 4,
  pages =	 {371--400},
  month =	 {april}
}

@TechReport{Holt96,
  author = 	 {R.C. Holt},
  title = 	 {Binary Relational Algebra Applied to Software Architecture},
  institution =  {University of Toronto},
  year = 	 1996,
  type =	 {CSRI},
  number =	 345,
  month =	 {march}
}

@inproceedings{Linton84,
 author = {M. A. Linton},
 title = {Implementing relational views of programs},
 booktitle = {Proceedings of the first ACM SIGSOFT/SIGPLAN software engineering symposium on Practical software development environments},
 year = {1984},
 isbn = {0-89791-131-8},
 pages = {132--140},
 doi = {http://doi.acm.org/10.1145/800020.808258},
 }


@Article{PaulPrakash94,
  author = 	 {S.~Paul and A.~Prakash},
  title = 	 {Supporting queries on source code: A formal framework},
  journal = 	 { International Journal of Software Engineering and Knowledge
  Engineering},
  year = 	 1994,
  volume =	 4,
  number =	 3,
  pages =	 {325--348}
}


@Book{Ullman82,
  author =	 {J.D. Ullman},
  title = 	 {Principles of Database Systems, Second Edition},
  publisher = 	 {Computer Science Press},
  year = 	 1982
}


@Article{CanforRaEtAl99,
  author = 	 {G. Canfora and A. de Lucia and G.A. Lucca},
  title = 	 {A system for generating reverse engineering tools: a case study of software modularisation},
  journal = 	 {Automated Software Engineering},
  year = 	 1999,
  volume =	 6,
  pages =	 {233--263}
}


@Book{GUPRO98,
  author =	 {J. Ebert and R. Gimnich and H.H. Stasch and A. Winter},
  title = 	 {{GUPRO}: Generische Umgebung zum Programverstehen},
  publisher = 	 {F\"olbach},
  year = 	 1998,
  series =	 {Koblenzer Schriften zur Informatik}
}


@Book{Terese03,
  author =	 {Terese},
  title = 	 {Term Rewriting Systems},
  publisher = 	 {Cambridge University Press},
  year = 	 2003
}

@InCollection{HeeringKlintTerese03,
  author = 	 {J. Heering and P. Klint},
  title = 	 {Rewriting based languages and systems},
  booktitle = 	 {Term Rewriting Systems},
  publisher =	 {Cambridge University Press},
  year =	 2003,
  editor =	 {Terese},
  chapter =	 15
}

@Book{Klop80,
  author =	 {J.W. Klop},
  title = 	 {Combinatory Reduction Systems},
  publisher = 	 {CWI},
  year = 	 1980,
  number =	 127,
  series =	 {Mathematical Centre Tracts},
  note =	 {PhD Thesis}
}


@article{bethke00descendants,
    author = "I. Bethke and J.W. Klop and R.C. de Vrijer",
    title = "Descendants and Origins in Term Rewriting",
    journal = "Information and Computation",
    volume = "159",
    number = "1-2",
    pages = "59-124",
    year = "2000"
 }



@InCollection{KlintOrigins95,
  author = 	 {P. Klint},
  title = 	 {From line numbers to origins},
  booktitle = 	 {Simplex Sigillum Veri: Liber Amicorum for Prof.dr. F.E.J. Kruseman Aretz},
  pages =	 {215--230},
  publisher =	 {Technical University Eindhoven},
  year =	 1995,
  editor =	 {E.H.L Aarts and H.M.M. ten Eikelder and C. Hemerik and M. Rem}
}

@Article{TipDinesh01,
  author = 	 { F. Tip and T. B. Dinesh },
  title = 	 {A slicing-based approach for locating type errors },
  journal = 	 {ACM Transactions on Software Engineering and Methodology (TOSEM)},
  year = 	 2001,
  volume =	 10,
  number =	 1,
  pages =	 {5--55}
}



@InProceedings{TiceGraham98,
  author = 	 {C. Tice and  S.L. Graham },
  title = 	 {{OPTVIEW}: a new approach for examining optimized code },
  booktitle =	 {Proceedings of the 1998 {ACM SIGPLAN-SIGSOFT} workshop on Program analysis for software tools and engineering},
  pages =	 {19 - 26},
  year =	 1998
}

@TechReport{holt-towards,
  author = 	 {R. C. Holt and A. Winter and J. Wu},
  title = 	 {Towards a Common Query Language for Reverse Engineering},
  institution =  {Institute for Computer Science, Universit\"at Koblenz-Landau},
  year = 	 2002,
  month =	 {August}
}

@book{BHK89.book,
  title =    {Algebraic Specification},
  series =       {ACM Press Frontier Series},
  editor =       {J.A. Bergstra and J. Heering and P. Klint},
  pages =        {1-66},
  publisher =    {The ACM Press in co-operation with Addison-Wesley},
  year =         1989
}


@Book{RozenbergGraphGrammars97,
  editor =	 {G. Rozenberg},
  title = 	 {Handbook on Graph Grammars: Foundations},
  publisher = 	 {World Scientific},
  year = 	 1997
}

@InCollection{WadlerLists87,
  author =	 {P. L. Wadler},
  editor =	 {S. L. Peyton Jones},
  title =        {List Comprehensions},
  booktitle = 	 {The Implementation of Functional Programming Languages},
  chapter = 	 15,
  publisher = 	 {Prentice Hall},
  year = 	 1987
}

@InProceedings{DeanEtAl02,
  author = 	 {T.R. Dean and J.R. Cordy and A.J. Malton and K.A. Schneider},
  title = 	 {Grammar Programming in {TXL}},
  booktitle =	 {2nd International Workshop on Source Code Analysis and Manipulation ({SCAM02})},
  year =	 2002,
  month =	 {October},
  organization = {IEEE}
}

@InProceedings{Mueller88,
  author = 	 {H. M\"uller and K. Klashinsky},
  title = 	 {Rigi -- A system for programming-in-the-large.},
  booktitle = 	 {Proceedings of the 10th International Conference on Software Engineering ({ICSE} 10),},
  pages =	 {80-86,},
  year =	 1988,
  month =	 {April}
}

@inproceedings{Sippu88,
 author = {Seppo Sippu and Eljas Soisalon-Soininen},
 title = {A generalized transitive closure for relational queries},
 booktitle = {Proceedings of the seventh ACM SIGACT-SIGMOD-SIGART symposium on Principles of database systems},
 year = 1988,
 pages = {325--332},
 location = {Austin, Texas, United States}
 }



@Article{Agrawal88,
  author = 	 {R. Agrawal  },
  title = 	 {Alpha: An Extension of Relational Algebra to Express a Class of Recursive Queries },
  journal = 	 { IEEE Transactions on Software Engineering},
  year = 	 1988,
  volume =	 14,
  number =	 7,
  pages =	 {879-885},
  month =	 {July}
}

