@Book{ASU86,
  author =	 {A.V. Aho and R. Sethi and J.D. Ullman},
  title = 	 {Compilers: Principles, Techniques and Tools},
  publisher = 	 {Addison-Wesley},
  year = 	 1986
}


@InProceedings{BNL03,
  author = 	 {D. Beyer and A Noack and C. Lewerentz},
  title = 	 {Simple and Efficient Relational Querying of Software Structures},
  booktitle =	 {Proceedings of the 10th IEEE Working Conference on Reverse Engineering (WCRE 2003)},
  year =	 2003,
  note =	 {To appear}
}

@InProceedings{KlintIWPC03,
  author = 	 {P. Klint},
  title = 	 {How Understanding and Restructuring differ from Compiling---a
                  Rewriting Perspective},
  booktitle = 	 {Proceedings of the 11th International Workshop on Program Comprehension (IWPC03)},
  year =	 2003,
  pages = {2--12},
  publisher = {{IEEE} Computer Society}
}

@PhdThesis{Krikhaar99,
  author = 	 {R.L. Krikhaar},
  title = 	 {Software Architecture Reconstruction},
  school = 	 {University of Amsterdam},
  year = 	 1999
}


@Article{Feijs99,
  author = 	 {L.M.G. Feijs and R.C. Ommering},
  title = 	 {Relation Partition Algebra---mathematical aspects of uses and part-of relations},
  journal = 	 {Science of Computer Programming},
  year = 	 1999,
  pages =	 {163--212}
}

@Article{McCabe76,
  author = 	 {T. McCabe},
  title = 	 {A Complexity Measure},
  journal = 	 {{IEEE} Transactions on Software Engineering},
  year = 	 1976
}

@Article{Weiser84,
  author = 	 {M. Weiser},
  title = 	 {Program Slicing},
  journal = 	 {{IEEE} Transactions on Software Engineering},
  year = 	 1984,
  volume =	 {SE-10},
  number =	 4,
  pages =	 {352--357},
  month =	 {July}
}

@Article{Tip95,
  author = 	 {F. Tip},
  title = 	 { A survey of program slicing techniques},
  journal = 	 {Journal of Programming Languages},
  year = 	 1995,
  volume =	 3,
  number =	 3,
  pages =	 {121--189}
}

@InProceedings{Jackson&Rollins94,
  author = 	 {D.J. Jackson and E.J. Rollins},
  title = 	 {A new model of program dependences for reverse engineering},
  booktitle =	 {Proceedings of the 2nd ACM SIGSOFT symposium on Foundations of software engineering},
  pages =	 {2--10},
  year =	 1994,
  volume =	 19,
  number =	 5,
  series =	 {{ACM SIGSOFT} Software Engineering Notes}
}

@InProceedings{Turner82,
  author = 	 {D.A. Turner},
  title = 	 {Recursion Equations as a Programming Language},
  booktitle =	 {Functional Programming and its Applications},
  pages =	 {1--28},
  year =	 1982,
  editor =	 {J. Darlington and P. Henderson and D.A. Turner},
  publisher =	 {Cambridge University Press}
}

@inproceedings{Trinder89,
    author = "P. Trinder and P. L. Wadler",
    title = "List Comprehensions and the Relational Calculus",
    booktitle = "Proceedings of the 1988 Glasgow Workshop on Functional Programming",
    publisher = "Department of Computer Science, University of Glasgow",
    address = "Glasgow, UK",
    editor = "C. Hall and J. Hughes and J. T. O'Donnell",
    pages = "187--202",
    year = "1989",
    url = "citeseer.nj.nec.com/wadler99list.html" }



@InProceedings{Tannen94,
  author = 	 {V. Tannen},
  title = 	 {Tutorial: languages for collection types},
  booktitle =	 {Proceedings of the thirteenth ACM SIGACT-SIGMOD-SIGART symposium on Principles of database systems},
  pages =	 {150--154},
  year =	 1994
}

@Book{SETL,
  author =	 {J.T. Schwartz and R.B.K. Dewar and E. Dubinsky anmd E. Schonberg},
  title = 	 {Programming with Sets; An Introduction to {SETL}},
  publisher = 	 {Springer-Verlag},
  year = 	 1986,
  series =	 {Texts and Monographs in Computer Science}
}

@InProceedings{Kildall73,
  author = 	 {G. Kildall},
  title = 	 {A unified approach to global program optimization},
  booktitle =	 {{ACM} Symposium on Principles of Programming Languages},
  pages =	 {194--206},
  year =	 1973
}

@InProceedings{Moo1997:GADb,
  author =       "L. Moonen",
  title =        "A Generic Architecture for Data Flow 
                  Analysis to Support Reverse Engineering",
  booktitle =    "Proceedings of the Second 
                  International Workshop on the Theory 
                  and Practice of Algebraic 
                  Specifications (ASF+SDF'97)",
  editor =       "M.P.A. Sellink",
  series =       "Electronic Workshops in Computing",
  publisher =    "Springer-Verlag",
  address =      "Amsterdam",
  year =         "1997",
  month =        nov,
}

@TECHREPORT{pagtechrep,
  AUTHOR = {M. Alt and F. Martin and R. Wilhelm},
  TITLE = {{G}enerating {D}ataflow {A}nalyzers with {PAG}},
  INSTITUTION = {Universit{\"a}t des Saarlandes},
  TYPE = {Technical {R}eport},
  NUMBER = {A10-95},
  YEAR = 1995,
  CATEGORY = {pag}
}

@Article{FeijsOmmering99,
  author = 	 {L.M.G. Feijs and R.C. Ommering},
  title = 	 {Relation partition algebra--mathematical aspects of uses and part-of relations},
  journal = 	 {Science of Computer Programming},
  year = 	 1999,
  volume =	 33,
  number =	 2,
  pages =	 {163--212},
  month =	 {february}
}


@Book{Terese03,
  author =	 {Terese},
  title = 	 {Term Rewriting Systems},
  publisher = 	 {Cambridge University Press},
  year = 	 2003
}

@InCollection{HeeringKlintTerese03,
  author = 	 {J. Heering and P. Klint},
  title = 	 {Rewriting based languages and systems},
  booktitle = 	 {Term Rewriting Systems},
  publisher =	 {Cambridge University Press},
  year =	 2003,
  editor =	 {Terese},
  chapter =	 15
}

@Book{Klop80,
  author =	 {J.W. Klop},
  title = 	 {Combinatory Reduction Systems},
  publisher = 	 {CWI},
  year = 	 1980,
  number =	 127,
  series =	 {Mathematical Centre Tracts},
  note =	 {PhD Thesis}
}


@article{bethke00descendants,
    author = "I. Bethke and J.W. Klop and R.C. de Vrijer",
    title = "Descendants and Origins in Term Rewriting",
    journal = "Information and Computation",
    volume = "159",
    number = "1-2",
    pages = "59-124",
    year = "2000"
 }

@InCollection{KlintOrigins95,
  author = 	 {P. Klint},
  title = 	 {From line numbers to origins},
  booktitle = 	 {Simplex Sigillum Veri: Liber Amicorum for Prof.dr. F.E.J. Kruseman Aretz},
  pages =	 {215--230},
  publisher =	 {Technical University Eindhoven},
  year =	 1995,
  editor =	 {E.H.L Aarts and H.M.M. ten Eikelder and C. Hemerik and M. Rem}
}

@Article{TipDinesh01,
  author = 	 { F. Tip and T. B. Dinesh },
  title = 	 {A slicing-based approach for locating type errors },
  journal = 	 {ACM Transactions on Software Engineering and Methodology (TOSEM)},
  year = 	 2001,
  volume =	 10,
  number =	 1,
  pages =	 {5--55}
}



@InProceedings{TiceGraham98,
  author = 	 {C. Tice and  S.L. Graham },
  title = 	 {{OPTVIEW}: a new approach for examining optimized code },
  booktitle =	 {Proceedings of the 1998 {ACM SIGPLAN-SIGSOFT} workshop on Program analysis for software tools and engineering},
  pages =	 {19 - 26},
  year =	 1998
}

@book{BHK89.book,
  title =    {Algebraic Specification},
  series =       {ACM Press Frontier Series},
  editor =       {J.A. Bergstra and J. Heering and P. Klint},
  pages =        {1-66},
  publisher =    {The ACM Press in co-operation with Addison-Wesley},
  year =         1989
}


@Book{RozenbergGraphGrammars97,
  editor =	 {G. Rozenberg},
  title = 	 {Handbook on Graph Grammars: Foundations},
  publisher = 	 {World Scientific},
  year = 	 1997
}

@InProceedings{DeanEtAl02,
  author = 	 {T.R. Dean and J.R. Cordy and A.J. Malton and K.A. Schneider},
  title = 	 {Grammar Programming in {TXL}},
  booktitle =	 {2nd International Workshop on Source Code Analysis and Manipulation ({SCAM02})},
  year =	 2002,
  month =	 {October},
  organization = {IEEE}
}



@inproceedings{Sippu88,
 author = {Seppo Sippu and Eljas Soisalon-Soininen},
 title = {A generalized transitive closure for relational queries},
 booktitle = {Proceedings of the seventh ACM SIGACT-SIGMOD-SIGART symposium on Principles of database systems},
 year = 1988,
 pages = {325--332},
 location = {Austin, Texas, United States}
 }



@Article{Agrawal88,
  author = 	 {R. Agrawal  },
  title = 	 {Alpha: An Extension of Relational Algebra to Express a Class of Recursive Queries },
  journal = 	 { IEEE Transactions on Software Engineering},
  year = 	 1988,
  volume =	 14,
  number =	 7,
  pages =	 {879-885},
  month =	 {July}
}

@inproceedings{BKV96b,
  author       = {Brand, {M.G.J. van den} and Klint, P. and Verhoef, C.},
  title        = {Core Technologies for System Renovation},
  booktitle    = {SOFSEM'96: Theory and Practice of Informatics},
  editor       = {Jeffery, K.G. and Kr\'{a}l, J. and Barto\u{s}ek, M.},
  series       = {LNCS},
  volume       = {1175},
  pages        = {235-255},
  organization = {Springer-Verlag},
  year         = 1996,
}    

 
@TechReport{Dot96,
  author = 	 {E. Koutsofios and S.C. North},
  title = 	 {Drawing Graphs with \emph{dot}},
  institution =  {{AT\&T} Bell Laboratories},
  year = 	 1996,
  address =	 {Murray Hill, NJ},
  note =	 {See also \url{www.graphviz.org}}
}

@inproceedings{BDHJJKKMOSVVV01,
author =     {Brand, {M.G.J. van den} and Deursen, {A. van} and J. Heering and
              Jong, {H.A. de} and Jonge, {M. de} and T. Kuipers and
              P. Klint and L. Moonen and P.A. Olivier and J. Scheerder and
              J.J. Vinju and E. Visser and J. Visser},
title =     {The {ASF}+{SDF} {M}eta-{E}nvironment: a {C}omponent-{B}ased
             {L}anguage {D}evelopment {E}nvironment},
editor =    {R. Wilhelm},
series =    {Lecture Notes in Computer Science},
Volume =    {2027},
booktitle = {Compiler Construction (CC '01)},
year =      {2001},
pages =	    {365--370},
publisher = {Springer-Verlag}
}

@InProceedings{RELVIEW98,
  author = 	 {Behnke, R. and Berghammer, R. and Meyer, E. and Schneider, P.},
  title = 	 {{RELVIEW} -- A System for Calculating with Relations and Relational Programming},
  booktitle =	 {Proceedings of Fundamental Approaches to Software Engineering (FASE)},
  pages =	 {318--321},
  year =	 1998,
  editor =	 {E. Astesiano},
  volume =	 1382,
  series =	 {Lecture Notes in Computer Science},
  publisher =	 {Springer-Verlag}
}

@article{Buneman94,
    author = "Peter Buneman and Leonid Libkin and Dan Suciu and Val Tannen and Limsoon Wong",
    title = "Comprehension Syntax",
    journal = "SIGMOD Record",
    volume = "23",
    number = "1",
    pages = "87-96",
    year = "1994",
    url = "citeseer.nj.nec.com/buneman94comprehension.html"
 }

