



@Book{ASU86,
  author =	 {A.V. Aho and R. Sethi and J.D. Ullman},
  title = 	 {Compilers: Principles, Techniques and Tools},
  publisher = 	 {Addison-Wesley},
  year = 	 1986
}


@InProceedings{BNL03,
  author = 	 {D. Beyer and A Noack and C. Lewerentz},
  title = 	 {Simple and Efficient Relational Querying of Software Structures},
  booktitle =	 {Proceedings of the 10th IEEE Working Conference on Reverse Engineering (WCRE 2003)},
  year =	 2003,
  note =	 {To appear}
}

@InProceedings{KlintIWPC03,
  author = 	 {P. Klint},
  title = 	 {How Understanding and Restructuring differ from Compiling---a
                  Rewriting Perspective},
  booktitle = 	 {Proceedings of the 11th International Workshop on Program Comprehension (IWPC03)},
  year =	 2003,
  pages = {2--12},
  publisher = {{IEEE} Computer Society}
}

@PhdThesis{Krikhaar99,
  author = 	 {R.L. Krikhaar},
  title = 	 {Software Architecture Reconstruction},
  school = 	 {University of Amsterdam},
  year = 	 1999
}


@Article{McCabe76,
  author = 	 {T. McCabe},
  title = 	 {A Complexity Measure},
  journal = 	 {{IEEE} Transactions on Software Engineering},
  year = 	 1976
}

@Article{Weiser84,
  author = 	 {M. Weiser},
  title = 	 {Program Slicing},
  journal = 	 {{IEEE} Transactions on Software Engineering},
  year = 	 1984,
  volume =	 {SE-10},
  number =	 4,
  pages =	 {352--357},
  month =	 {July}
}

@Article{Tip95,
  author = 	 {F. Tip},
  title = 	 { A survey of program slicing techniques},
  journal = 	 {Journal of Programming Languages},
  year = 	 1995,
  volume =	 3,
  number =	 3,
  pages =	 {121--189}
}



@InProceedings{Jackson&Rollins94,
  author = 	 {D.J. Jackson and E.J. Rollins},
  title = 	 {A new model of program dependences for reverse engineering},
  booktitle =	 {Proceedings of the 2nd ACM SIGSOFT symposium on Foundations of software engineering},
  pages =	 {2--10},
  year =	 1994,
  volume =	 19,
  number =	 5,
  series =	 {{ACM SIGSOFT} Software Engineering Notes}
}

