@Article{BK98,
  author =   {J.A. Bergstra and P. Klint},
  title =    {The discrete time {T}ool{B}us -- A software coordination
        architecture},
  journal =      {Science of Computer Programming},
  year =     1998,
  volume =   31,
  number =   {2-3},
  pages =    {205--229},
  month =    {July}
}    

@article{BJKO00,
author =      {M.G.J. van den Brand and H.A. de Jong and P. Klint                        and P. Olivier},
title =       {{E}fficient {A}nnotated {T}erms},
journal =     {Software, Practice \& Experience},
year =        {2000},
pages =       {259--291},
volume =      {30}
}    

@phdthesis{Vis97,
  key         = {Vis97},
  author      = {E. Visser},
  title       = {Syntax Definition for Language Prototyping},
  school      = {University of Amsterdam},
  year        = {1997}
}
