@book{AhoUllman72,
  author   	= {A.V. Aho and J.D. Ullman},
  title    	= {The theory of parsing, translation, and compiling},
  key   	= {AhoUllman72},
  year   	= {1972--73},
  publisher   	= {Prentice-Hall, Englewood Cliffs (NJ)},
  note   	= {Vol. I. Parsing. Vol II. Compiling},
}

@Book{AhoSethiUllman86,
  author   	= {A.V. Aho and R. Sethi and J.D. Ullman},
  title    	= {Compilers: Principles, Techniques and Tools},
  year   	= {1986},
  annotate   	= {Standard text on compiler construction.},
  publisher   	= {Addison-Wesley},
}

@inproceedings{Codesurfer,
 author = {P. Anderson and M. Zarins},
 title = {The {CodeSurfer} Software Understanding Platform},
 booktitle = {Proceedings of the 13th International Workshop on
                  Program Comprehension (IWPC'05)},
 year = {2005},
 isbn = {0-7695-2254-8},
 pages = {147--148},
 doi = {http://dx.doi.org/10.1109/WPC.2005.37},
 publisher = {IEEE}
 }

@Book{BaaderNipkow98,
  author =	 {F. Baader and T. Nipkow},
  title = 	 {Term Rewriting and All That},
  publisher = 	 {Cambridge University Press},
  year = 	 1998
}

@inproceedings{BallandBKMR-RTA2007,
  author = {Balland, E. and Brauner, P. and Kopetz, R. and Moreau, P.-E. and Reilles, A.},
  title = {Tom: Piggybacking Rewriting on {J}ava},
  booktitle = {Proceedings of the 18th Conference on Rewriting
                  Techniques and Applications (RTA'07)},
  pages = {36--47},
  year = {2007},
  volume = {4533},
  series = {{LNCS}},
  publisher = {Springer-Verlag}
}

@inproceedings{DMS,
  author = 	 {Baxter, I. and Pidgeon, P. and Mehlich, M.},
  title = 	 {{DMS}: Program Transformations for Practical Scalable Software Evolution},
 booktitle = {Proceedings of the International Conference on Software
                  Engineering (ICSE'04)},
  pages = 	 {625--634},
  year = 	 {2004},
  publisher = {IEEE}
}

@article{BKVV08,
  author       = {M. Bravenboer and K. Trygve Kalleberg and R. Vermaas and E. Visser},
  title        = {{Stratego/XT 0.17}. {A} Language and Toolset for Program Transformation},
  journal      = {Science of Computer Programming},
  issn         = {0167-6423},
  year         = {2008},
  publisher    = {Elsevier},
  volume       = 72,
  number       = {1-2},
  pages        = {52-70},
  month        = {June},
  category     = {journal},
  pubcat       = {journal},
  urldoi       = {http://dx.doi.org/10.1016/j.scico.2007.11.003},
  urlpdf       = {http://swerl.tudelft.nl/twiki/pub/Main/TechnicalReports/TUD-SERG-2008-011.pdf},
  urlrelease   = {http://strategoxt.org/Stratego/StrategoRelease017},
  group        = {SE},
  researchcode = {I-ISS-07},
  urlbib       = {BKVV08.bib},
}

@book{BHK89,
  title    	= {Algebraic Specification},
  year   	= {1989},
  publisher   	= {ACM Press/Addison-Wesley},
  editor   	= {J. A. Bergstra and J. Heering and P. Klint}
}

@TechReport{BergstraKlint94,
  author = 	 {J.A. Bergstra and P. Klint},
  title = 	 {The ToolBus: a Component Interconnection Architecture},
  institution =  {University of Amsterdam, Programming Research Group},
  number =       {P9408},
  year = 	 1994
}

@TechReport{BergstraKlint95,
  author = 	 {J.A. Bergstra and P. Klint},
  title = 	 {The Discrete Time ToolBus},
  institution =  {University of Amsterdam, Programming Research Group},
  number =       {P9502},
  year = 	 1995
}


@Article{BergstraKlint98,
  author =   {J.A. Bergstra and P. Klint},
  title =    {The discrete time {T}ool{B}us -- A software coordination
        architecture},
  journal =      {Science of Computer Programming},
  year =     1998,
  volume =   31,
  number =   {2-3},
  pages =    {205--229},
  month =    {July}
} 

@inproceedings{ElanBKKMR-wrla98,
  author = {Borovansk\'y, P. and Kirchner, C. and Kirchner, H. and Moreau, P.-E. and Ringeissen, C.},
  booktitle = {Proceedings of the 2nd International Workshop on Rewriting Logic and its Applications ({WRLA'98})},
  editor = {Kirchner, C. and Kirchner, H.},
  publisher = {Electronic Notes in Theoretical Computer Science},
  title = {An Overview of {ELAN}},
  volume = 15,
  pages = {55-70},
  year = {1998}
}

@Article{BNL05,
  author = 	 {D. Beyer and A Noack and C. Lewerentz},
  title = 	 {Efficient Relational Calculation for Software Analysis},
  journal = 	 {{IEEE} Trans Software Engineering},
  year = 	 2005,
  volume = 	 31,
  number = 	 2,
  pages = 	 {137--149}}

@article{BJKO00,
author =      {Brand, {M.G.J. van den} and Jong, {H.A. de} and P. Klint and P. Olivier},
title =       {{E}fficient {A}nnotated {T}erms},
journal =     {Software, Practice \& Experience},
year =        {2000},
pages =       {259--291},
volume =      {30}
} 

@inproceedings{BDHJJKKMOSVVV01,
author =     {Brand, {M.G.J. van den} and Deursen, {A. van} and J. Heering and
              Jong, {H.A. de} and Jonge, {M. de} and T. Kuipers and
              P. Klint and L. Moonen and P.A. Olivier and J. Scheerder and
              J.J. Vinju and E. Visser and J. Visser},
title =     {The {ASF}+{SDF} {M}eta-{E}nvironment: a {C}omponent-{B}ased
             {L}anguage {D}evelopment {E}nvironment},
editor =    {R. Wilhelm},
series =    {{LNCS}},
volume =    {2027},
booktitle = {Compiler Construction (CC '01)},
year =      {2001},
pages =	    {365--370},
publisher = {Springer-Verlag}
}    

@InProceedings{BSVE02,
  author = 	 {Brand, {M.G.J. van den} and J.J. Vinju and J. Scheerder and E. Visser},
  title = 	 {Disambiguation Filters for Scannerless Generalized LR Parsers},
  booktitle =	 {Proceedings of the 11th International Conference on Compiler Construction (CC'02)},
  pages =	 {143--158},
  year =	 2002
}

@article{BrandVisser96,
  author   	= {Brand, {M.G.J. van den} and E. Visser},
  title    	= {Generation of Formatters for Context-free Languages},
  volume   	= {5},
  year   	= {1996},
  pages   	= {1--41},
  journal   	= {ACM Transactions on Software Engineering and Methodology},
  
}


@article{vdBHKO02,
  author = {Brand, {M.G.J. van den} and J. Heering and P. Klint and P.A. Olivier},
  title =  {Compiling language definitions: The ASF+SDF compiler},
  journal = {{ACM} Transactions on Programming Languages and Systems},
  volume = {24},
  number = {4},
  year = {2002},
  pages = {334--368}, 
  doi = {http://doi.acm.org/10.1145/567097.567099}
}

@InProceedings{BrandKlusenerMoonenVinju03,
  author = 	 {Brand, {M.G.J. van den} and A.S. Klusener and L. Moonen and  J.J. Vinju},
  title = 	 {Generalized parsing and term rewriting: Semantics driven disambiguation},
  booktitle =	 {Proceedings of the Third Workshop on Language Descriptions},
  year =	 2003,
  editor =	 {B. Bryant and J. Saraiva},
  volume =	 82,
  series =	 "Electronic Notes in Theoretical Computer Science",
  publisher =	 {Elsevier}
}

@inproceedings{BrandKooikerEtAl05,
  author    = {Brand, {M.G.J. van den} 
    and A.T. Kooiker 
    and J.J. Vinju 
    and N.P. Veerman},
  title     = {{A}n {A}rchitecture for {C}ontext-{S}ensitive {F}ormatting},
  year      = {2005},
  pages     = {631--634},
  booktitle = {ICSM '05: Proceedings of the 21st IEEE International Conference on Software Maintenance},
  publisher = {IEEE Computer Society},
  isbn      = {0-7695-2368-4}
}

@article{BKV03,
  author   	= {Brand, {M.G.J. van den} and P. Klint and J.J. Vinju},
  title    	= {Term rewriting with traversal functions},
  volume   	= {12},
  year   	= {2003},
  pages   	= {152--190},
  journal   	= {ACM Transactions on Software Engineering Methodology},
  publisher   	= {ACM Press},
  number   	= {2}
}

@Article{VdBrandMoreauVinju05,
  author = 	 {Brand, {M.G.J. van den} and P.E. Moreau and J.J. Vinju },
  title = 	 {A generator of efficient strongly typed abstract syntax trees in Java },
  journal = 	 {IEE Proceedings-Software},
  year = 	 2005,
  volume =	 152,
  number =	 2,
  pages =	 {70--78}
}

@inproceedings{BrandKooikerEtAl06,
  author    = {Brand, {M.G.J.~van~den} and
               A.T.~Kooiker and
               J.J.~Vinju and
               N.P.~Veerman},
  title     = {{A} {L}anguage {I}ndependent {F}ramework for {C}ontext-sensitive {F}ormatting},
  year      = {2006},
  pages     = {103--112},
  booktitle = {CSMR '06: Proceedings of the Conference on Software Maintenance and Reengineering},
  publisher = {IEEE Computer Society Press},
  address   = {Washington, DC, USA},
  isbn      = {0-7695-2536-9}
}

@Article{vdBrandKlint07,
  author = 	 {Brand, {M.G.J. van den} and P. Klint},
  title = 	 {ATerms for manipulation and exchange of structured data: It's all about sharing},
  journal = 	 {Information and Software Technology},
  year = 	 2007,
  volume =	 49,
  number =	 1,
  pages =	 {55--64}
}

@InProceedings{MetaEnv07,
    author = {M.G.J. van den Brand and M. Bruntink and G.R. Economopoulos and H.A. de Jong and P. Klint and T. Kooiker and T. van der Storm and J.J. Vinju},
    title = {Using {T}he {M}eta-Environment for {M}aintenance and {R}enovation},
    booktitle = {Proceedings of the 11th European Conference on Software Maintenance and Reengineering ({CSMR'07})},
    pages = {331--332},
    year = {2007},
    publisher = {IEEE Computer Society Press}
}

@inproceedings{IMP,
  author    = {Philippe Charles and
               Robert M. Fuhrer and
               Stanley M. {Sutton Jr.}},
  editor    = {R. E. Kurt Stirewalt and
               Alexander Egyed and
               Bernd Fischer},
  title     = {{IMP}: a meta-tooling platform for creating language-specific
               {IDEs} in eclipse},
  booktitle     = {Proceedings of the 22nd IEEE/ACM International
                  Conference on Automated Software Engineering (ASE'07)},
  pages     = {485--488},
  publisher = {ACM},
  year      = 2007
}

@Article{Chomsky56,
  author   	= {N. Chomsky},
  title    	= {Three models for the description of language},
  volume   	= {{IT}-2:3},
  year   	= {1956},
  pages   	= {113--124},
  journal   	= {{IRE} Transactions on Information Theory},
  
}

@Article{CordyTXL06,
  author = 	 {J. R. Cordy},
  title = 	 {The {TXL} Source Transformation Language},
  journal = 	 {Science of Computer Programming},
  year = 	 {2006},
  volume = 	 {61},
  number = 	 {3},
  pages = 	 {190--210},
  month = 	 {August}
}

@TechReport{Coutaz84,
  author   	= {J. Coutaz},
  title    	= {The box, a layout abstraction for user interface toolkits},
  year   	= {1984},
  type   	= {Technical Report},
  institution   	= {Carnegie Mellon University},
  number   	= {CMU-CS-84-167},
  
}
@Book{DHK96,
  title    	= {Language Prototyping: An Algebraic Specification Approach},
  volume   	= {5},
  year   	= {1996},
  annotate   	= {Describes the use of ASF+SDF as a meta-language for the specification of syntax and semantics. After introducing
      	 ASF+SDF, a number of language specification case studies are presented, and
      	 various styles for writing language specifications are illustrated. Moreover},
  publisher   	= {World Scientific Publishing Co.},
  series   	= {AMAST Series in Computing},
  editor   	= {Deursen, A. van and J. Heering and P. Klint},
  
}
@Book{GruneJacobs90,
  author   	= {D. Grune and C.J.H Jacobs},
  title    	= {Parsing Techniques -- A Practical Guide},
  year   	= {1990},
  publisher   	= {Ellis Horwood},
}



@PhdThesis{Hendriks91,
  author = 	 {P.R.H. Hendriks},
  title = 	 {Implementation of Modular Algebraic Specifications},
  school = 	 {University of Amsterdam},
  year = 	 1991
}

@Article{deJongOlivier04,
  author = 	 {Jong, {H.A. de} and P.A. Olivier},
  title = 	 {Generation of abstract programming interfaces from syntax definitions},
  journal = 	 {Journal of Logic and Algebraic Programming},
  year = 	 2004,
  volume =	 50,
  number =	 4,
  pages =	 {35--61}
}

@InProceedings{DeJonge00,
  author = 	 {M. de Jonge},
  title = 	 {A pretty-printer for every occasion},
  booktitle =	 {Proceedings of the 2nd International Symposium on Constructing Software Engineering Tools (CoSET2000)},
  pages =	 {68-77},
  year =	 2000,
  editor =	 {I. Ferguson and J, Gray and L. Scott},
  address =	 {Wollongong, Australia},
  month =	 {June}
}

@InProceedings{DeJonge02,
  author = 	 {M. de Jonge},
  title = 	 {Pretty-printing for software engineering},
  booktitle =	 {Proceedings International Conference on Software Maintenance (ICSM 2002)},
  pages =	 {550-559},
  year =	 2002,
  month =	 {October},
  organization = {IEEE}
}

@InProceedings{deJongKlint03,
  author = 	 {H.A. de Jong and P. Klint},
  title = 	 {ToolBus: the Next generation},
  booktitle = 	 {Formal Methods for Components and Objects},
  pages =	 {220--241},
  year =	 2003,
  editor =	 {F.S. de Boer and M. Bonsangue and S. Graf and W.P de Roever},
  volume =	 2852,
  series =	 {{LNCS}},
  publisher =	 {Springer}
}



@PhdThesis{deJong07,
  author = 	 {H.A. de Jong},
  title = 	 {Flexible Heterogeneous Software Systems},
  school = 	 {University of Amsterdam},
  year = 	 2007
}



@TechReport{Dot96,
  author   	= {E. Koutsofios and S.C. North},
  title    	= {Drawing Graphs with \emph{dot}},
  year   	= {1996},
  institution   	= {{AT\&T} Bell Laboratories},
  address   	= {Murray Hill, NJ},
  note   	= {See also \url{www.graphviz.org}}
}

@Article{FeijsKrikhaarOmmering98,
  author   	= {L.M.G. Feijs and R. Krikhaar and R.C. Ommering},
  title    	= {A relational approach to support software architecture analysis},
  month   	= {april},
  volume   	= {28},
  year   	= {1998},
  pages   	= {371--400},
  journal   	= {Software Practice and Experience},
  number   	= {4}
}

@InBook{HeeringKlint86,
  author =	 {J. Heering and P. Klint},
  title = 	 {ESPRIT'86: Results and Achievements},
  chapter = 	 {A Syntax Definition Formalism},
  publisher = 	 {North-Holland},
  year = 	 1986,
  pages =	 {619--630}
}

@article{HHKR89,
  author   	= {J. Heering and P.R.H. Hendriks and P. Klint and J. Rekers},
  title    	= {{T}he syntax definition formalism {SDF} - reference manual},
  key   	= {HHKR89},
  volume   	= {24},
  year   	= {1989},
  pages   	= {43-75},
  journal   	= {SIGPLAN Notices},
  number   	= {11},
  
}

@article{ HKR90,
    author = {J. Heering and P. Klint and J. Rekers},
    title = {Incremental Generation of Parsers},
    journal = {{IEEE} Transactions on Software Engineering},
    volume = {16},
    number = {12},
    pages ={1344--1350},
    year = 1990
}

@article{HKR92,
 author = {J. Heering and P. Klint and J. Rekers},
 title = {Incremental generation of lexical scanners},
 journal = {ACM Trans. Program. Lang. Syst.},
 volume = {14},
 number = {4},
 year = {1992},
 issn = {0164-0925},
 pages = {490--520},
 doi = {http://doi.acm.org/10.1145/133233.133240},
 publisher = {ACM Press},
 address = {New York, NY, USA},
 }


@TechReport{Holt96,
  author   	= {R.C. Holt},
  title    	= {Binary Relational Algebra Applied to Software Architecture},
  month   	= {march},
  year   	= {1996},
  type   	= {CSRI},
  institution   	= {University of Toronto},
  number   	= {345},
}

@InProceedings{Grok,
  author = 	 {R. C. Holt},
  title = 	 {Grokking Software Architecture},
  booktitle = {Proceedings of the 15th Working Conference on Reverse
                  Engineering (WCRE'08)},
  pages = 	 {5--14},
  year = 	 {2008},
  publisher = {IEEE}
}

@Article{HedinMagnusson03,
  author =       {G. Hedin and  E. Magnusson},
  title =        {The {JastAdd} system -- an aspect-oriented compiler construction system},
  journal =      {Science of Computer Programming},
  year =         {2003},
  pages =        {37--58}
}

@InProceedings{JacksonRollins94,
  author   	= {D.J. Jackson and E.J. Rollins},
  title    	= {A new model of program dependences for reverse engineering},
  volume   	= {19},
  year   	= {1994},
  pages   	= {2--10},
  booktitle   	= {Proceedings of the 2nd ACM SIGSOFT symposium on Foundations of software engineering},
  series   	= {{ACM SIGSOFT} Software Engineering Notes},
  number   	= {5}  
}

@article{Klint93,
    author = "P. Klint",
    title = "A Meta-Environment for Generating Programming Environments",
    journal = "ACM Transactions on Software Engineering and Methodology",
    volume = "2",
    number = "2",
    month = "April",
    publisher = "ACM Press",
    pages = "176--201",
    year = "1993"
}

@InProceedings{KlintIWPC03,
  author   	= {P. Klint},
  title    	= {How Understanding and Restructuring differ from Compiling---a Rewriting Perspective},
  year   	= {2003},
  pages   	= {2--12},
  booktitle   	= {Proceedings of the 11th International Workshop on Program Comprehension (IWPC03)},
  publisher   	= {{IEEE} Computer Society}
}

@InProceedings{KlintRscript,
  author = 	 {P. Klint},
  title = 	 {Using {Rscript} for Software Analysis},
  booktitle = {Working Session on Query
                  Technologies and Applications for Program
                  Comprehension (QTAPC 2008)},
  year = 	 {2008}
}
 	
@inproceedings{KSV-SCAM09,
author = {P. Klint and T. van der Storm and J.J. Vinju},
title = {{RASCAL}: A Domain Specific Language for Source Code Analysis and Manipulation},
booktitle ={IEEE International Workshop on Source Code Analysis and Manipulation ({SCAM}'09)}, 
year = {2009},
isbn = {978-0-7695-3793-1},
pages = {168-177},
publisher = {IEEE Computer Society},
address = {Los Alamitos, CA, USA}
}	 
	

@PhdThesis{Krikhaar99,
  author   	= {R.L. Krikhaar},
  title    	= {Software Architecture Reconstruction},
  year   	= {1999},
  school   	= {University of Amsterdam}
  
}

@article{McCabe76,
  author   	= {T.J. McCabe},
  title    	= {A complexity measure},
  volume   	= {SE-12},
  year   	= {1976},
  pages   	= {308--320},
  journal   	= {IEEE Transactions on Software Engineering},
  number   	= {3}
}

@inproceedings{Semmle.QL,
  author    = {O. de Moor and
               D. Sereni and
               M. Verbaere and
               E. Hajiyev and
               P. Avgustinov and
               T. Ekman and
               N. Ongkingco and
               J. Tibble},
  editor =   {R. L{\"a}mmel and
               J. Visser and
               J. Saraiva},
  title     = {{.QL}: Object-Oriented Queries Made Easy},
  booktitle = {Generative and Transformational Techniques in Software Engineering
               II, International Summer School, GTTSE 2007, Braga, Portugal,
               July 2-7, 2007. Revised Papers},
  pages     = {78--133},
  publisher = {Springer},
  series    = {{LNCS}},
  volume    = {5235},
  year      = {2008}
}


@incollection{MorcosConchon86,
  author   	= {E. Morcos-Chounet and A. Conchon},
  title    	= {{PPML}: a general formalism to specify pretty printing},
  key   	= {MC86},
  year   	= {1986},
  pages   	= {583-590},
  booktitle   	= {Information Processing 86},
  publisher   	= {Elsevier},
  editor   	= {H.-J. Kugler}
}

@InProceedings{Mueller88,
  author   	= {H. M\"uller and K. Klashinsky},
  title    	= {Rigi -- A system for programming-in-the-large},
  month   	= {April},
  year   	= {1988},
  pages   	= {80--86},
  booktitle   	= {Proceedings of the 10th International Conference on Software Engineering ({ICSE} 10)}
}

@PhdThesis{Olivier00,
  author   	= {P.A. Olivier},
  title    	= {A Framework for Debugging Heterogeneous Applications},
  year   	= {2000},
  school   	= {University of Amsterdam}
  
}

@Book{ANTLRBook,
  author =       {T. Parr},
  title =        {The Definitive ANTLR Reference: Building Domain-Specific Languages},
  publisher =    {Pragmatic Bookshelf, },
  year =         {2007}
}

@PhdThesis{Rekers92,
  author   	= {J. Rekers},
  title    	= {Parser Generation for Interactive Environments},
  key   	= {Rek92},
  year   	= {1992},
  url   	= {ftp://ftp.cwi.nl/pub/gipe/reports/Rek92.ps.Z},
  fileurl   	= {ftp://ftp.cwi.nl/pub/gipe/reports/Rek92.ps.Z},
  note   	= {ftp://ftp.cwi.nl/pub/gipe/reports/Rek92.ps.Z},
  school   	= {University of Amsterdam},
}

@Book{Terese03,
  author   	= {Terese},
  title    	= {Term Rewriting Systems},
  year   	= {2003},
  publisher   	= {Cambridge University Press}
  
}
@Article{Tip95,
  author   	= {F. Tip},
  title    	= {A survey of program slicing techniques},
  volume   	= {3},
  year   	= {1995},
  pages   	= {121--189},
  journal   	= {Journal of Programming Languages},
  number   	= {3}
}

@phdthesis{Vinju05,
  author   	= {Vinju, J.J.},
  title    	= {{A}nalysis and {T}ransformation of {S}ource {C}ode by {P}arsing and {R}ewriting},
  month   	= {November},
  year   	= {2005},
  school   	= {University of Amsterdam}
  
}

@phdthesis{Vis97-thesis,
  author   	= {E. Visser},
  title    	= {Syntax Definition for Language Prototyping},
  year   	= {1997},
  school   	= {University of Amsterdam}
}

@MastersThesis{Vos90,
  author = 	 {K. Vos},
  title = 	 {For an easy touch of beauty},
  school = 	 {University of Amsterdam},
  year = 	 1990
}

@phdthesis{Walters91,
  author   	= {H.R. Walters},
  title    	= {On Equal Terms --- Implementing Algebraic Specifications},
  year   	= {1991},
  school   	= {University of Amsterdam}
  
}
@Article{Weiser84,
  author   	= {M. Weiser},
  title    	= {Program Slicing},
  month   	= {July},
  volume   	= {SE-10},
  year   	= {1984},
  pages   	= {352--357},
  journal   	= {{IEEE} Transactions on Software Engineering},
  number   	= {4}
}
