@STRING{ mark = "{\sortunder{Brand}}van den Brand, M.G.J." }

@STRING{ arie = "{\sortunder{Deursen}}van Deursen, A." }
		  
@article{WBK91,
   key     = {WBK91},
   author  = {Welsh, J. and Broom, B. and Kiong, D.},
   journal = {Software---practice and experience},
   number  = {9},
   pages   = {923--948},
   title   = {{A} {D}esign {R}ationale for a {L}anguage-based {E}ditor},
   volume  = {21},
   year    = {1991}
}

@TechReport{BKOV97,
  author = {Brand, {M.G.J. van den} and Klint, P. and Olivier, P. and
            Visser, E.},
  title =        {ATerms: representing structured data for exchange between
            heterogeneous tools},
  institution =  "University of Amsterdam, Programming Research Group",
  year = 1997,
  note = {In preparation}
}

@TechReport{BKOV97.asfix,
  author = {Brand, {M.G.J. van den} and Klint, P. and Olivier, P. and
            Visser, E.},
  title =        {Syntax trees for distributed environments},
  institution =  "University of Amsterdam, Programming Research Group",
  year = 1997,
  note = {In preparation}
}

@MastersThesis{Rom95,
  author      = {Romijn, J.M.T.},
  title       = "Automatic {A}nalysis of {T}erm {R}ewriting {S}ystems",
  school      = {University of Amsterdam, Programming Research Group},
  year        = {1995},  
  note =         "Appeared as Technical Report P9605"
}

@TechReport{BB97,
  author = {Bergstra, J.A. and Brand, {M.G.J. van den}},
  title  = {A Proposal for the $\mu${\tt ASF} Family of Specification
            Languages},
  institution =  "University of Amsterdam, Programming Research Group",
  year = 1997,
  note = {In preparation}
}


@techreport{BK94,
      key         = {BK94},
      author      = {Bergstra, J.A. and Klint, P.},
      title       = {The ToolBus --- a component interconnection architecture},
      institution = {Programming Research Group, University of Amsterdam},
      number      = {P9408},
      year        = {1994}
}

@techreport{BK95,
      key         = {BK95},
      author      = {Bergstra, J.A. and Klint, P.},
      title       = {The Discrete Time ToolBus},
      institution = {Programming Research Group, University of Amsterdam},
      number      = {P95028},
      year        = {1995}
}

@article{Rei90,
   key     = {Rei90},
   author  = {Reiss, S.},
   journal = {Software---practice and experience},
   number  = {1},
   pages   = {89--115},
   title   = {{I}nteracting with the {F}ield {E}nvironment},
   volume  = {20},
   year    = {1990}
}

@article{WY94,
   key     = {WY94},
   author  = {Welsh, J. and Yang, Y},
   title   = {Integration pf Semantic Tools into Document Editors},
   journal = {Software---Concepts and Tools},
   number  = {2},
   volume  = {15},
   year    = {1994},
   pages   = {68--81}
}

@mastersthesis{Oli94,
  key         = {Oli94},
  author      = {P. Olivier},
  title       = {{\sc seal} versus the {T}ool{B}us},
  school      = {University of Amsterdam, Programming Research Group},
  year        = {1994}
}

@mastersthesis{K96,
  key         = {K96},
  author      = {T. Kuipers},
  title       = {Language Independent Structure Editing using the ToolBus},
  school      = {University of Amsterdam, Programming Research Group},
  year        = {1996}
}

@Manual{Kli96.man,
  title =        "A {G}uide to {T}ool{B}us {P}rogramming",
  author =       "P. Klint",
  organization = "University of Amsterdam and CWI",
  address =      "Amsterdam, The Netherlands",
  edition =      "0.9",
  year =         "1996"
}

@Manual{Oli97.man,
  title =        "Term data-structure library --- {C} {A}{P}{I}",
  author =       "P.A. Olivier",
  organization = "University of Amsterdam and CWI",
  address =      "Amsterdam, The Netherlands",
  year =         "1997"
}


@Unpublished{V97,
  author =       "E. Visser",
  title =        "A family of parser generators",
  note =         "Technical Report,  Programming Research Group, University of 
Amsterdam. In preparation",
  year =         "1997"
}

@TechReport{Oli97,
  author = {Olivier, P.A.},
  title =   {Debugging Distributed Applications Using a Coordination
            Architecture},
  institution =  "University of Amsterdam, Programming Research Group",
  number      = {P9704},
  year = 1997
}

@inproceedings{Bru96,
  author = {J.J. Brunekreef},
  title = {A transformation tool for pure {P}rolog programs},
  booktitle = "Logic Program Synthesis and Transformation. Proceedings of the
6th International Workshop, LOPSTR'96",
  editor = "J.P. Gallagher",
  volume =   "1207",
  series =   "LNCS",
  pages  =  "130--145",
  publisher = "Springer-Verlag",
  year = 1996
}

@techreport{BSV97a,
  author      = {Brand, {M.G.J. van den} and Sellink, M.P.A. and Verhoef, C.},
  title       = "Reengineering {COBOL} software implies specification of
                 underlying dialects",
  institution = {{U}niversity of {A}msterdam, {P}rogramming {R}esearch 
{G}roup},
  year        =  1997,
  number      = {P9702}
}

@inproceedings{BKMO97,
  author      = {Brand, {M.G.J. van den} and T. Kuipers and L. Moonen and P. Olivier},
  title       = {Implementation of a Prototype for the New {ASF+SDF} Meta-Environment},
  booktitle   = {Proceedings of the 2nd International Workshop on the Theory
                 and Practice of Algebraic Specifications},
  editor      = {M.P.A. Sellink},
  year        = {1997},
  series      = {Electronic Workshops in Computing},
  publisher   = {Springer Verlag}
}

@phdthesis{Usk97,
  key         = {Usk97},
  author      = {S. M. \"Usk\"udarl{\i}},
  title       = {Algebraic Specification of Visual Languages},
  school      = {University of Amsterdam},
  year        = {1997}
}

@phdthesis{Vis97,
  key         = {Vis97},
  author      = {E. Visser},
  title       = {Syntax Definition for Language Prototyping},
  school      = {University of Amsterdam},
  year        = {1997}
}

@phdthesis{Kam96,
  key         = {Kam96},
  author      = {J.F.Th. Kamperman},
  title       = {Compilation of Term Rewriting Systems},
  school      = {University of Amsterdam},
  year        = {1996}
}

@inproceedings{TB-AMAST96,
        title = {The {D}iscrete {T}ime {ToolBus}},
        author = {J. A. Bergstra and P. Klint},
        editor = {M. Wirsing and M. Nivat},
        booktitle = {Algebraic Methodology and Software Technology
                  ({AMAST} '96)
},
        year = 1996,
        series = {LNCS},
        volume = 1101,
        pages = {286--305},
        publisher = {Springer-Verlag},
        note = "Full version: Technical Report P9502, Programming Research 
Group, University of Amsterdam"
}


@Book{Tcl/Tk,
  key =         {Ous94},
  author =      {J. K. Ousterhout},
  title =       {{T}cl and the {T}k {T}oolkit},
  publisher =   {Addison-Wesley},
  year =        {1994}
}

@MastersThesis{Moo96,
  author =       "L. Moonen",
  title =        "{D}ata {F}low {A}nalysis for {R}everse {E}ngineering",
  school =       "University of Amsterdam, Programming Research Group",
  year =         "1996",
  note =         "Appeared as Technical Report P9613"
}
		  
@Book{DHK96,
  editor =       {Deursen, {A. van} and J. Heering and P. Klint},
  title =        "Language Prototyping: An Algebraic Specification Approach",
  publisher =    "World Scientific",
  year =         "1996",
  volume =       "5",
  series =       "AMAST Series in Computing",
}

@phdthesis{Hil96,
   author     = {J.A. Hillebrand},
   school     = {University of Amsterdam},
   title      = {Experiments in specification re-engineering},
   year       = {1996}
}

@TechReport{BKV96,
  author      = {Brand, {M.G.J. van den} and Klint, P. and Verhoef, C.},
  title       = {Reverse Engineering and System Renovation --
                 An Annotated Bibliography},
  institution = {University of Amsterdam, Programming Research Group},
  year =         1996,
  number      = {P9603}
}


@inproceedings{DM93,
        author    = {Deursen, A. van and Mosses, P.D.},
        title     = {Executing {A}ction {S}emantics descriptions using
                     {ASF+SDF}},
        booktitle = {Algebraic Methodology and Software Technology (AMAST'93)},
        editor    = {M. Nivat and C. Rattray and T. Rus and G. Scollo},
        year      = {1993},
        pages     = {415-416},
        publisher = {Springer-Verlag},
        series    = {Workshops in Computing},
        note      = {System demonstration}
}

@techreport{Deu92.lambda,
  key         = {Deu92},
  author      = {Deursen, A. van},
  title       = {Specification and Generation of a $\lambda$-calculus
                        Environment},
  institution = {Centrum voor Wiskunde en Informatica (CWI)},
  type        = {{R}eport {CS}-{R}9233},
  address     = {Amsterdam},
  year        = {1992},
  note        = {Also appeared in J.L.G. Dietz (ed), Proceedings CSN'92,
                 pages 14-26.
                 Available by {\em ftp} from ftp.cwi.nl:/pub/gipe/reports as
                 Deu92.ps.Z
                }
}

@techreport{Deu91a,
  key         = {Deu91a},
  author      = {Deursen, A. van},
  title       = {{A}n algebraic specification for the
                 static semantics of {P}ascal},
  institution = {Centrum voor Wiskunde en Informatica (CWI)},
  type        = {{R}eport {CS}-{R}9129},
  address     = {Amsterdam},
  year        = {1991},
  note        = {Extended abstract in:
                {\it Conference Proceedings of Computing
                Science in the Netherlands CSN'91}, pages 150-164.
                Available by {\em ftp} from ftp.cwi.nl:/pub/gipe/reports as
                Deu91.ps.Z
                }
}

@manual{LeLisp90,
  key         = {LeLisp90},
  title       = {{LeLisp}, {Version} 15.23, {R}eference {M}anual},
  organization = {INRIA},
  address     = {Rocquencourt},
  year        = {1990}}

@techreport{Aus90,
  key         = {Aus90},
  author      = {D. Austry},
  title       = {{T}he {VTP} project: modular abstract syntax specification},
  institution = {INRIA},
  type        = {{R}apport de {R}echerche 1219},
  address     = {Sophia-Antipolis},
  year        = {1990}}

@mastersthesis{Tip91,
  key         = {Tip91},
  author      = {F. Tip},
  title       = {{T}he equation debugger},
  school      = {University of Amsterdam, Programming Research Group},
  year        = {1991}
}

@techreport{KB93,
  author      = {Koorn, J.W.C. and Bakker, H.C.N.},
  title       = {Building an editor from existing components:
                an exercise in software re-use},
  institution = {Programming Research Group, University of Amsterdam},
  type        = {Report {P}9312},
  year        = {1993}
}

@techreport{KW93,
  key           = {KW93},
  author        = {J. F. Th. Kamperman and H.R. Walters},
  title         = {{ARM}, Abstract rewriting machine},
  institution   = {Centrum voor Wiskunde en Informatica},
  number        = {CS-9330},
  year          = {1993},
  note          = {ftp://ftp.cwi.nl/pub/gipe/reports/KW93.ps.Z}
}

@MastersThesis{Moo94,
  author =       {L.~Moonen},
  title =        {A {V}irtual {A}ssembler for an {A}bstract {M}achine
                  -- {D}esign and {I}mplementation of an {I}ncremental and
                  {R}etargetable {C}ode {G}enerator for {T}erm {R}ewriting
                  {S}ystems},
  school =       {Hogeschool Eindhoven, Department of Computer Science},
  year =         1994,
  key =          {Moo94}
}

@techreport{DT92.anim,
   key          = {DT92},
   author       = {T. B. Dinesh and F. Tip},
   institution  = {Centrum voor Wiskunde en Informatica (CWI)},
   type         = {Report {CS}-{R}9253},
   title        = {Animators and Error Reporters for Generated Programming 
Environments},
   year         = {1992}
}

@inproceedings{DT97.slice,
   key          = {DT97},
   author       = {T. B. Dinesh and F. Tip},
   title        = {A Slicing-Based Approach for Locating Type Errors},
   booktitle = "Proceedings USENIX Conference on Domain-Specific
		  Languages",
   year         = {1997}
}
		  
@incollection{Meu96,
  author      = {Meulen, E. A. van der},
  title       = {Incremental typechecking},
  crossref    = {DHK96},
  pages       = {199--248}
}

@incollection{DKT96,
  author      = {Deursen, A. van and P. Klint and F. Tip},
  title       = {Origin tracking and its applications},
  crossref    = {DHK96},
  pages       = {249--294}
}
		  
@inproceedings{BKV96b,
  author       = {Brand, {M.G.J. van den} and Klint, P. and Verhoef, C.},
  title        = {Core Technologies for System Renovation},
  booktitle    = {SOFSEM'96: Theory and Practice of Informatics},
  editor       = {Jeffery, K.G. and Kr\'{a}l, J. and Barto\u{s}ek, M.},
  series       = {LNCS},
  volume       = {1175},
  pages        = {235-255},
  organization = {Springer-Verlag},
  year         = 1996
}

@Article{Har96,
  author = 	 "P. H. Hartel and others",
  title = 	 "Benchmarking implementations of functional languages
		  with `Pseudoknot', a float-intensive benchmark",
  journal =	 "Journal of Functional Programming",
  year =	 "1996",
  volume =	 "6",
  pages =	 "621--655"
}

@mastersthesis{Vos90,
  key         = {Vos90},
  author      = {K.J. Vos},
  title       = {{P}retty for an easy touch of beauty},
  school      = {Programming Research Group, University of Amsterdam},
  year        = {1990}
}

@inproceedings{KW93.csn,
  author      = {J.F.Th. Kamperman and H.R. Walters},
  title       = {{ARM}, Abstract rewriting machine},
  booktitle   = {Computing Science in the Netherlands},
  editor      = {Wijshoff, H.A.},
  pages       = {193-204},
  year        = {1993}
}

@Article{HF96,
  author =       "Pieter~H.~Hartel and Marc~Feeley and others",
  title =        ". {B}enchmarking Implementations of Functional Languages with
                ``Pseudoknot'', a Float-Intensive Benchmark",
  key =          "HF96",
  journal =      "Journal of Functional Programming",
  year =         "1996",
  volume =       {6},
  number = {4}
}

@inproceedings{BSV97b,
  author      = {Brand, {M.G.J. van den} and Sellink, M.P.A. and Verhoef, C.},
  title       = {Generation of Components for Software Renovation Factories
                     from Context-free Grammars},
  editor      = {I.D. Baxter and A. Quilici and C. Verhoef},
  booktitle   = {Proceedings of the Fourth Working Conference on
                  Reverse Engineering},
  year        = {1997},
  pages        = {144--153}
}

@inproceedings{Kap87a,
  key         = {Kap87a},
  author      = {S. Kaplan},
  title       = {{A} compiler for conditional term rewriting systems},
  booktitle   = {Proceedings of the First International Conference on Rewriting Techniques},
  series      = {Lecture Notes in Computer Science},
  editor      = {P. Lescanne},
  volume      = {256},
  pages       = {25--41},
  organization = {Springer-Verlag},
  year        = {1987}}

@book{JL96,
    author = {R. Jones and R. Lins},
    title = {Garbage Collection: Algorithms for
        Automatic Dynamic Memory Management},
    year = {1996},
    publisher = {Wiley}
}

@article{BW88,
    author = {H. Boehm and M. Weiser},
    title = {Garbage Collection in an Uncooperative Environment},
    year = {1988},
    journal = {Software - Practice and Experience (SPE)},
    volume = {18(9)},
    pages = {807-820}
}

@manual{clean94,
    author = {M. J. Plasmeijer and M. C. J. D. van Eekelen},
    title = {Concurrent Clean - version 1.0 - Language Reference
		  Manual, draft version},
    year = {1994},
    organization = "Department of Computer Science, University of Nijmegen",
    address =      "Nijmegen, The Netherlands",
}

@manual{opal97,
	editor = {Peter Pepper},
	title = {The Programming Language Opal},
	year = {1997},
	organization = {The OPAL Group, Fachbereich Informatik,
		Technische Universit\"at Berlin},
}

@article{ghc93,
	author = {S.L. Peyton Jones and C.V. Hall and K. Hammond and
		W.D. Partain and P.L. Wadler},
	title = {The Glasgow Haskell compiler: a technical overview.},
	journal = {Proc. Joint Framework for Information Technology (JFIT)
		Technical Conference},
	pages = {249-257},
	year  = 1993
}

@inproceedings{Boe93,
	author = {H. Boehm},
	title = {Space Efficient Conservative Garbage Collection},
	booktitle = {Proceedings of the ACM SIGPLAN '91 Conference 
                       on Programming Language Design and Implementation},
	series = {SIGPLAN Notices 28, 6},
	year = {June 1993},
	pages = {197-206}
}

@string{tcs = {Theoretical Computer Science}}

@Article{Wadler1990,
	title={Deforestation: Transforming Programs to Eliminate Trees},
	author={P. Wadler},
	pages={231--248},
	journal=tcs,
	year=1990,
	month={22~} # jun,
	volume=73,
	number=2,
	source={http://theory.lcs.mit.edu/~dmjones/hbp/tcs/tcs.bib}
}

@book{Alan:78,
	title = {Anatomy of {LISP}},
	author = {J.R. Allen},
	publisher = {McGraw-Hill},
	year = 1978
}

@InProceedings{VanDenBrandKlintVerhoef:98,
  author =       {Brand, {M.G.J. van den} and P. Klint and C. Verhoef},
  title =        "Term Rewriting for Sale",
  editor =        "Claude Kirchner and H\'{e}l\`{e}ne Kirchner",
  series =       "Electronic Notes in Theoretical Computer Science",
  volume =       15,
  booktitle =    "Proceedings of the First International
                  Workshop on Rewriting Logic and its Applications",
  year =         1998,
  publisher =    "Elsevier Science",
  pages =	{139--161}
}


@string{compj=		"Computer J."}
@string{cacm=		"Commun. ACM"}
@string{fac=		"Formal Aspects of Computing"}
@string{ieeeTransComp=	"IEEE Trans. on Computers"}
@string{ieeeTransSoft=	"IEEE Trans. Softw. Eng."}
@string{ieeeComp=	"IEEE Comput."}
@string{jacm=		"J. ACM"}
@string{jccs=		"Journal of Computer and System Sciences"}
@string{jfp=		"J. Funct. Program."}
@string{jlp=		"J. Logic Program."}		 
@string{tcs=		"Theoret. Comput. Sci."}
@string{siamCompute=	"SIAM J. Computing"}
@string{inria=		"Institut National de Recherche en Informatique et en
		 	 Automatique"}
@string{inriaAddr=	"Domaine de Voluceau, Rocquencourt, B.P. 105,
		 	 78153 Le Chesnay Cedex, France"}
@string{impColAddr=	"180 Queen's Gate, London SW7 2BZ, UK"}
@string{infoComp=	"Information and Computation"}
@string{decPrlAddr=	"85, avenue Victor Hugo, 92563 Rueil-Malmaison Cedex,
			 France"}
@string{mathSys=	"Math. Systems Theory"}
@string{symbLog=	"J. Symbolic Logic"}
@string{sciProg=	"Science of Computer Programming"}
@string{IandC=          "Information and Computation"}
@string{LNCS=           "Lecture Notes in Computer Science"}
		  
@string{jasper = "J. F. {\textrm{Th}}. Kamperman" }

@inproceedings{BenanavEtAl:85,
  author	= "D. Benanav and D. Kapur and P. Narendran",
  title	= "Complexity of Matching Problems",
  editor	= "J.-P. Jouannaud",
  booktitle	= "Rewriting Techniques and Applications (RTA '85)",
  publisher	= "Springer-Verlag",
  series	= LNCS,
  number	= 202,
  pages	= "417--429",
  year		= 1985
}
		  
@TechReport{BergstraVandenBrand:98,
  author = 	 "J. A. Bergstra and van den Brand, M. G. J. ",
  title = 	 "Syntax and Semantics of a High-Level Intermediate
		  Representation of {ASF+SDF}",
  institution =  "CWI",
  year = 	 1998,
  number =	 "SEN-R98XX",
  note =	 "To appear"
}
		  
@InProceedings{BorovanskyEtAl:96,
  author =       "Peter Borovansk\'{y} and Claude Kirchner and
		  H\'{e}l\`{e}ne Kirchner and Pierre-Etienne Moreau
		  and Marian Vittek",
  title =        "{ELAN}: A Logical Framework Based on Computational Systems",
  editor =       "Jos\'{e} Meseguer",
  series =       "Electronic Notes in Theoretical Computer Science",
  volume =       4,
  booktitle =    "Proceedings of the First International
		  Workshop on Rewriting Logic",
  year =         1996,
  publisher =    "Elsevier Science"
}
		  		  
@InProceedings{BorovanskyEtAl:97a,
  author = 	 "Peter Borovansk\'{y} and Claude Kirchner and
		  H\'{e}l\`{e}ne Kirchner",
  title = 	 "Rewriting as a Unified Specification Tool for Logic
		  and Control: The {ELAN} Language",
  editor =	 "M. P. A. Sellink",
  series =	 "Electronic Workshops in Computing",
  booktitle =	 "2nd International Workshop on the Theory
		  and Practice of Algebraic Specifications",
  year =	 1997,
  publisher =	 "Springer-Verlag"
}
		  
@InProceedings{BorovanskyEtAl:97b,
  author = 	 "Peter Borovansk\'{y} and H\'{e}l\`{e}ne Kirchner",
  title = 	 "Strategies of {ELAN}: Meta-Interpretation and
		  Partial Evaluation",
  editor =	 "M. P. A. Sellink",
  series =	 "Electronic Workshops in Computing",
  booktitle =	 "2nd International Workshop on the Theory
		  and Practice of Algebraic Specifications",
  year =	 1997,
  publisher =	 "Springer-Verlag"
}
		  
@InProceedings{MoreauKirchner:97,
  author = 	 "Pierre-Etienne Moreau and H\'{e}l\`{e}ne Kirchner",
  title = 	 "Compilation Techniques for Associative-Commutative Normalisation",
  editor =	 "M. P. A. Sellink",
  series =	 "Electronic Workshops in Computing",
  booktitle =	 "2nd International Workshop on the Theory
		  and Practice of Algebraic Specifications",
  year =	 1997,
  publisher =	 "Springer-Verlag"
}
		  
@article{DK98, 
  author =       "van Deursen, A. and P. Klint",
  title =        "Little Languages: Little Maintenance?",
  journal = "Journal of Software Maintenance",
  pages = "75--92",
  volume = 10,
  year = 1998             
}

@inproceedings{DidrichEtAl:94,
  author	= "Klaus Didrich and Andreas Fett and Carola Gerke and
		  Wolfgang Grieskamp and Peter Pepper",
  title		= "{OPAL}: Design and Implementation of an Algebraic
		  Programming Language",
  editor =       "J. Gutknecht",
  booktitle =    "International Conference on Programming Languages and System Architectures",
  series =       LNCS,
  volume =  782,
  pages = "228--244",
  publisher = "Springer-Verlag",
  year = 	 1994
}
	  
@Book{DiaconescuFutatsugi:98,
  author = 	 "R. Diaconescu and K. Futatsugi",
  title = 	 "{CafeOBJ} Report",
  publisher = 	 "World Scientific",
  year = 	 1998,
  volume =	 6,
  series =	 "AMAST Series in Computing"
}

@mastersthesis{Dik:89,
  author      = "C. H. S. Dik",
  title       = "A Fast Implementation of the {A}lgebraic {S}pecification 
{F}ormalism",
  school      = "University of Amsterdam, Programming Research Group",
  year        = 1989
}
	  	  
@TechReport{FokkinkEtAl:97,
  author = 	 "W. J. Fokkink and " # jasper # " and H. R. Walters",
  title = 	 "Within {ARM}'s Reach: Compilation of Left-Linear
		  Rewrite Systems via Minimal Rewrite Systems",
  institution =  "CWI",
  year = 	 1997,
  number =	 "SEN-R9721",
  address =      "Amsterdam"		  
}

@Article{HartelEtAl:96,
  author = 	 "Pieter H. Hartel and others",
  title = 	 "Benchmarking Implementations of Functional Languages
		  with `{P}seudoknot', a Float-intensive Benchmark",
  journal =	 jfp,
  year =	 "1996",
  volume =	 "6",
  pages =	 "621--655"
}
		  
@phdthesis{Kamperman:96,
  author      = jasper,
  title       = "Compilation of Term Rewriting Systems",
  school      = "University of Amsterdam",
  year        = 1996
}

@InProceedings{Kaplan:87,
  author = 	 "S. Kaplan",
  title = 	 "A Compiler for Conditional Term Rewriting Systems",
  editor =	 "P. Lescanne",
  volume =	 256,
  series =	 "Lecture Notes in Computer Science",
  pages =	 "25--41",
  booktitle =	 "Rewriting Techniques and Applications (RTA '87)",
  publisher =	 "Springer-Verlag",
  year =1987
}

@Book{Muchnick:97,
  author = 	 "Steven S. Muchnick",
  title = 	 "Advanced Compiler Design and Implementation",
  publisher = 	 "Morgan Kaufmann",
  year = 	 1997
}

@InProceedings{NedjahEtAl:97,
  author = 	 "Nadia Nedjah and Colin D. Walter and Stephen E. Eldridge",
  title = 	 "Optimal Left-to-Right Pattern-Matching Automata",
  editor =	 "Michael Hanus and Jan Heering and Karl Meinke",
  volume =	 1298,
  series =	 LNCS,
  pages =	 "273--286",
  booktitle =	 "Algebraic and Logic Programming (ALP '97/HOA '97)",
  year =	 1997,
  publisher =	 "Springer-Verlag"
}

@InProceedings{PeytonJonesEtAl:98,
  author = 	 "Simon L. {Peyton Jones} and Thomas Nordin and Dino Oliva",
  title = 	 "\texttt{C--}: A Portable Assembly Language",
  editor =	 "C. Clack",
  volume =	 "XXX",
  series =	 LNCS,
  pages =	 "XXX",
  booktitle =	 "Proceedings of the 1997 Workshop on Implementing
		  Functional Languages",
  year =	 1998,
  publisher =	 "Springer-Verlag"
}

		  
@TechReport{PlasmeijerVanEekelen:94,
  author = 	 "M. J. Plasmeijer and van Eekelen, M. C. J. D.",
  title = 	 "Concurrent {CLEAN}---Version 1.0---{L}anguage Refence
		  Manual",
  institution =  "University of Nijmegen, Department of Computer Science",
  year = 	 1994,
  note =         "Draft"
}

@InProceedings{SmetsersEtAL:91,
  author = 	 {Sjaak Smetsers and Eric N\"{o}cker and van Groningen,
		  John and M. J. Plasmeijer},
  title = 	 "Generating Efficient Code for Lazy Functional Languages",
  editor =	 "J. Hughes",
  volume =	 524,
  series =	 LNCS,
  booktitle =	 "Functional Programming and Computer Architecture
		  (FPCA '91)",
  year =	 1991,
  pages = "592--617",
  publisher =	 "Springer-Verlag"
}

@Article{VanRoy:93,
  author = 	 "van Roy, Peter",
  title = 	 "The Wonder Years of Sequential {P}rolog Implementation",
  journal =	 jlp,
  year =	 "1993",
  volume =	 "19/20",
  pages =	 "385--441"
}
		  
@TechReport{Walters:97,
  author = 	 "H. R. Walters",
  title = 	 "{E}pic and {ARM}---User's Guide",
  institution =  "CWI",
  year = 	 1997,
  number =	 "SEN-R9724",
  address =	 "Amsterdam"
}

 
@TechReport{AppelGoncalves:93,
  author =       "A. W. Appel and  M.J.R. Goncalves",
  title =        "Hash-consing Garbage Collection",
  institution =  "Princeton University",
  year =         1993,
  number =       "CS-TR-412-93"
}

@Article{TerashimaKanada:90,
  author = "M. Terashima and Y. Kanada",
  title = "{HLisp}---Its Concept, Implementation and Applications---",
  journal = "Journal of Information Processing",
  volume = 13,
  number = 3,
  year = 1990,
  pages = "265--275",
  publisher = "Information Processing Society of Japan"
}
		  
@InProceedings{AppelMacQueen:87,
  author = "A. W. Appel and D. MacQueen",
  title = "A Standard {ML} compiler",
  booktitle = "Functional Programming Languages and Computer
		  Architecture",
  editor = "G. Kahn",
  series = "LNCS",
  pages = "301--324",
  year = 1987
}